@book{yan2024lectures,
	author = {Jiabin Yan},
	title = {Lecture notes for geoelectric field and electrical exploration},
	year = {2024},
	pages = {218-248},
	edition = {5}
}

@phdthesis{yan2004phd,
	author = {Jiabin Yan},
 	title = {The study on theory and method of maganetotelluric signal processing},
 	school = {Central South University},
	year = {2003}
}    

@phdthesis{yang2004phd,
	author = {Sheng Yang},
 	title = {The study of restraining environmental noise and its application in maganetotelluric sounding},
	school = {Central South University},
	year = {2004}
}    

@book{steven1993,
	author = {Steven M. Kay},
	title = {Fundamentals of statistical singal processing},
	volume = {1},
	year = {1993},
	publisher = {Pearson Education, Inc.}
}

@book{steven1998,
    author = {Steven M. Kay},
    title = {Fundamentals of statistical singal processing},
    volume = {2},
    year = {1998},
    publisher = {Pearson Education, Inc.}
}

@article{liu2003,
author = {Liu, Jianxin and Yan, Jiabin and He , Jishan and Liu ,Chunmin},
title = {Robust Estimation Method of Sea Magnetotelluric Impedance Based on Correlative Coefficient},
journal = {Journal of Geophysics},
number = {02},
pages = {241-245},
year = {2003},
issn = {0001-5733},
}

@article{chant1992,
  title={Time-frequency analysis of magnetotelluric data},
  author={I. J. Chant and Lynn M. Hastie},
  journal={Geophysical Journal International},
  year={1992},
  volume={111},
  pages={399-413},
  url={https://api.semanticscholar.org/CorpusID:140601498}
}

@article{DQWX202411019,
author = {  Peijie, Wang  and Xiaobin, Chen and Peng, Han and Yunyun, Zhang},
title = {Strong interference magnetotelluric data processing method based on robust estimation, data screening and Rhoplus constrain},
journal = {Journal of Geophysics},
volume = {67},
number = {11},
pages = {4325-4342},
year = {2024},
issn = {0001-5733},
}    
